@inproceedings{schthi09a,
  author    = {Torsten Schaub and 
               Sven Thiele},
  title     = {Metabolic Network Expansion with {ASP}},
  year      = {2009},  
  crossref  = "iclp09",
  pages     = {312-326}
}
@inproceedings{sthiele13c,
  author    = {Guillaume Collet and
               Damien Eveillard and
               Martin Gebser and
               Sylvain Prigent and
               Torsten Schaub and
               Anne Siegel and
               Sven Thiele},
  title     = {Extending the Metabolic Network of {\it Ectocarpus Siliculosus}
               Using Answer Set Programming},
  year      = {2013},
  pages     = {245-256},
  ee        = {http://dx.doi.org/10.1007/978-3-642-40564-8_25},
  crossref  = "lpnmr13"
}
@proceedings{iclp09,
  editor    = {Patricia M. Hill and
               David Scott Warren},
  title     =	 "Proceedings of the Twenty-fifth International Conference on
                  Logic Programming (ICLP'09)",
  booktitle =	 "Proceedings of the Twenty-fifth International Conference on
                  Logic Programming (ICLP'09)",
  publisher = {Springer},
  series    = {Lecture Notes in Computer Science},
  volume    = {5649},
  year      = {2009},
  isbn      = {978-3-642-02845-8},
  ee        = {http://dx.doi.org/10.1007/978-3-642-02846-5},
  bibsource = {DBLP, http://dblp.uni-trier.de}
}
@proceedings{lpnmr13,
  editor    = {Pedro Cabalar and
               Tran Cao Son},
  title     = "Proceedings of the Twelfth International Conference on Logic Programming and Nonmonotonic Reasoning",
  booktitle = "Proceedings of the Twelfth International Conference on Logic Programming and Nonmonotonic Reasoning",
  publisher = {Springer},
  series    = {Lecture Notes in Computer Science},
  volume    = {8148},
  year      = {2013},
  isbn      = {978-3-642-40563-1, 978-3-642-40564-8},
  ee        = {http://dx.doi.org/10.1007/978-3-642-40564-8},
  bibsource = {DBLP, http://dblp.uni-trier.de}
}